@article{Laporte11,
  title={The pollution-routing problem},
  author={Bekta{\c{s}}, Tolga and Laporte, Gilbert},
  journal={Transportation Research Part B: Methodological},
  volume={45},
  number={8},
  pages={1232--1250},
  year={2011},
  publisher={Elsevier}
}